@misc{web:esper-doc,
	author = "Esper Team and EsperTech Inc",
	title = "Esper Reference",
	year = 2015,
	howpublished = "\url{http://esper.codehaus.org/esper-5.1.0/doc/reference/en-US/pdf/esper_reference.pdf}"
}
@misc{web:certificate-fix,
	author = "Fletcher Nichol",
	title = "Download a cacert.pem for RailsInstaller",
	year = 2011,
	howpublished = "\url{https://gist.github.com/fnichol/867550}"
}
@misc{web:maven-doc,
	author = "The Apache Software Foundation",
	title = "Maven â€“ Introduction",
	year = 2015,
	howpublished = "\url{http://maven.apache.org/what-is-maven.html}"
}